@Book{t123,
  author = 	 {Bryson, Jr., Arthur Earl and Ho, Yu-Chi},
  title = 	 {Applied Optimal Control: Optimization, Estimation, and Control},
  publisher = 	 {Blaisdell Pub., Waltham, Massachusetts},
  year = 	 {1969},
}

Bryson, A. E. and Ho, Y.-C. (1969). Applied Optimal
Control. Blaisdell.

@Book{ghallab:2004,
  author    = 	 {Malik Ghallab and Dana Nau and Paolo Traverso},
  title     = 	 {Automated Planning: Theory and Practice},
  publisher = 	 {Morgan Kaufmann Publishers},
  year      = 	 {2004}
}

@Article{korf:1985,
  author = 	 {Richard Korf},
  title = 	 {Depth-first Iterative-Deepening: An Optimal Admissible Tree Search},
  journal = 	 {Artificial Intelligence},
  year = 	 {1985},
  volume = 	 {27},
  pages = 	 {97-109},
}

@Article{hart:1968,
  author = 	 {Peter Hart and Nils Nilsson and Bertram Raphael},
  title = 	 {A Formal Basis for the Heuristic Determination of Minimum Cost Paths},
  journal = 	 {IEEE Transactions on Systems Science and Cybernetics SSC4},
  year = 	 {1968},
  volume = 	 {4},
  number = 	 {2},
  pages = 	 {100-107},
}
@Article{hart:1972,
  author = 	 {Peter Hart and Nils Nilsson and Bertram Raphael},
  title = 	 {Correction to ``{A} Formal Basis for the Heuristic Determination of Minimum Cost Paths''},
  journal = 	 {SIGART Newsletter},
  year = 	 {1972},
  volume =       {37},
  pages =        {28-29},
}

@Book{james:2014,
  author = 	 {Gareth James and Daniela Witten and Trevor Hastie and Robert Tibshirani},
  title = 	 {An Introduction to Statistical Learning: with Applications in R},
  publisher = 	 {Springer},
  year = 	 {2014},
}

@Book{russell:2009,
  author =       {Stuart Russell and Peter Norvig},
  title = 	 {Artificial Intelligence: A Modern Approach},
  publisher = 	 {Pearson Education Limited},
  edition =      {3rd},
  year = 	 {2009}
}

@Book{snyman:2005,
  author = 	 {Jan A. Snyman},
  title = 	 {Practical Mathematical Optimization: An Introduction to Basic Optimization Theory and Classical and New Gradient-Based Algorithms.},
  publisher = 	 {Springer Publishing},
  year = 	 {2005}
}

@Article{silver:2016,
  author = 	 {David Silver and Aja Huang and Chris J. Maddison and Arthur Guez and Laurent Sifre and George van den Driessche and Julian Schrittwieser and Ioannis Antonoglou and Veda Panneershelvam and Marc Lanctot and Sander Dieleman and Dominik Grewe and John Nham and Nal Kalchbrenner and Ilya Sutskever and Timothy Lillicrap and Madeleine Leach and Koray Kavukcuoglu and Thore Graepel and Demis Hassabis},
  title = 	 {Mastering the game of Go with deep neural networks and tree search},
  journal = 	 {Nature},
  year = 	 {2016},
  volume = 	 {529},
  pages = 	 {484},
}

@Book{nielsen:2015,
  author = 	 {Michael A. Nielsen},
  title = 	 {Neural Networks and Deep Learning},
  publisher = 	 {Determination Press},
  year = 	 {2015},
}

@incollection{rumelhart:1986,
 author  = {David E.~Rumelhart and Geoffrey E.~Hinton and Ronald J. Williams},
 title   = {Learning Internal Representations by Error Propagation},
 booktitle    = {Parallel Distributed Processing: Explorations in the Microstructure of Cognition, Vol. 1},
 editor  = {Rumelhart, David E. and McClelland, James L.},
 year    = {1986},
 pages   = {318--362},
 numpages = {45},
 publisher = {MIT Press},
} 
