% This file was created with Citavi 6.2.0.12

@book{Russell.2016,
 author = {Russell, Stuart J. and Norvig, Peter},
 year = {2016},
 title = {Artificial intelligence: A modern approach},
 address = {Boston and Columbus and Indianapolis and New York and San Francisco and Upper Saddle River and Amsterdam, Cape Town and Dubai and London and Madrid and Milan and Munich and Paris and Montreal and Toronto and Delhi and Mexico City and Sao Paulo and Sydney and Hong Kong and Seoul and Singapore and Taipei and Tokyo},
 edition = {Third edition, Global edition},
 publisher = {Pearson},
 isbn = {978-0-13-604259-4},
 series = {Always learning}
}

@inproceedings{chaslot2008monte,
  title={Monte-Carlo Tree Search: A New Framework for Game AI.},
  author={Chaslot, Guillaume and Bakkes, Sander and Szita, Istvan and Spronck, Pieter},
  booktitle={AIIDE},
  year={2008}
}

@article{browne2012survey,
  title={A survey of monte carlo tree search methods},
  author={Browne, Cameron B and Powley, Edward and Whitehouse, Daniel and Lucas, Simon M and Cowling, Peter I and Rohlfshagen, Philipp and Tavener, Stephen and Perez, Diego and Samothrakis, Spyridon and Colton, Simon},
  journal={IEEE Transactions on Computational Intelligence and AI in games},
  volume={4},
  number={1},
  pages={1--43},
  year={2012},
  publisher={IEEE}
}

@misc{Ortiz.,
 author = {Ortiz, George and Berg, Matthias},
 title = {Er{\"o}ffnungsstrategie},
 url = {http://berg.earthlingz.de/ocd/strategy3.php}
}


